@book{Kolanoski:2020ksk,
    author = "Kolanoski, Hermann and Wermes, Norbert",
    title = "{Particle Detectors}",
    isbn = "978-0-19-885836-2",
    publisher = "Oxford University Press",
    month = "6",
    year = "2020"
}